<record><leader>00000cas a22000007a 4500</leader><controlfield tag="001">19485292</controlfield><controlfield tag="008">890331d19551955coudr ne      0    0eng d</controlfield><datafield ind1=" " ind2=" " tag="010"><subfield code="a">sn 89052072 </subfield></datafield><datafield ind1=" " ind2=" " tag="040"><subfield code="a">CNQ</subfield><subfield code="b">eng</subfield><subfield code="c">CNQ</subfield><subfield code="d">NSD</subfield><subfield code="d">OCLCQ</subfield></datafield><datafield ind1=" " ind2=" " tag="042"><subfield code="a">msc</subfield></datafield><datafield ind1="0" ind2=" " tag="130"><subfield code="a">San Luis Valley courier (Alamosa, Colo. : 1955)</subfield></datafield><datafield ind1="1" ind2="4" tag="245"><subfield code="a">The San Luis Valley courier.</subfield></datafield><datafield ind1=" " ind2=" " tag="260"><subfield code="a">Alamosa, Colo. :</subfield><subfield code="b">Courier Pub. Co.</subfield></datafield><datafield ind1=" " ind2=" " tag="300"><subfield code="a">v.</subfield></datafield><datafield ind1=" " ind2=" " tag="310"><subfield code="a">Daily</subfield></datafield><datafield ind1="0" ind2=" " tag="362"><subfield code="a">Vol. 27, no. 118 (May 19, 1955)-v. 27, no. 230 (Oct. 1, 1955).</subfield></datafield><datafield ind1=" " ind2=" " tag="530"><subfield code="a">Available on microfilm from the Colorado Historical Society.</subfield></datafield><datafield ind1=" " ind2=" " tag="752"><subfield code="a">United States</subfield><subfield code="b">Colorado</subfield><subfield code="c">Alamosa</subfield><subfield code="d">Alamosa.</subfield></datafield><datafield ind1="0" ind2="0" tag="780"><subfield code="t">Daily courier (Alamosa, Colo. : 1952)</subfield><subfield code="w">(DLC)sn 89052071</subfield></datafield><datafield ind1="0" ind2="0" tag="785"><subfield code="t">Valley courier (Alamosa, Colo.)</subfield><subfield code="x">1047-1170</subfield><subfield code="w">(DLC)sn 89052073</subfield></datafield></record>